@misc{Balalaie, 
author={A. Balalaie and A. Heydarnoori and P. Jamshidi}, 
journal={IEEE Software}, 
title={Microservices Architecture Enables DevOps: Migration to a Cloud-Native Architecture}, 
year={2016}, 
volume={33}, 
number={3}, 
pages={42-52}, 
keywords={cloud computing;software architecture;software maintenance;DevOps;architectural refactoring;cloud-native architecture;incremental migration;microservices architecture;Cloud computing;Computer architecture;Microservices;Mobile communication;Refractoring;Scalability;Servers;Software architecture;DevOps;architectural refactoring;cloud computing;microservices;migration pattern;mobile back end as a service;software development;software engineering}, 
doi={10.1109/MS.2016.64}, 
ISSN={0740-7459}, 
month={May},}

@INPROCEEDINGS{Ueda, 
author={T. Ueda and T. Nakaike and M. Ohara}, 
booktitle={2016 IEEE International Symposium on Workload Characterization (IISWC)}, 
title={Workload characterization for microservices}, 
year={2016}, 
pages={1-10}, 
keywords={Java;Web services;cloud computing;public domain software;software architecture;software prototyping;Acme Air;Docker;Java;Node.js;Web service;agile software development;cloud infrastructure;cloud service providers;microservice architecture;microservice workload characterization;network virtualization;open-source benchmark;optimization techniques;resource pressure;Cloud computing;Computer architecture;Containers;Java;Runtime;Service-oriented architecture;Docker;Java;Node.js;WebSphere Liberty;container;microservice architecture;microservices}, 
doi={10.1109/IISWC.2016.7581269}, 
month={Sept},}

@INPROCEEDINGS{Joy, 
author={A. M. Joy}, 
booktitle={2015 International Conference on Advances in Computer Engineering and Applications}, 
title={Performance comparison between Linux containers and virtual machines}, 
year={2015}, 
pages={342-346}, 
keywords={Linux;cloud computing;virtual machines;virtualisation;Linux containers;cloud computing;hardware resource utilization;resource overhead;virtual machines;virtualization technologies;virtualized environments;Containers;Linux;Scalability;Servers;Virtual machine monitors;Virtual machining;Virtualization;cloud computing;containers;docker;hypervisor;kubernetes;virtualization}, 
doi={10.1109/ICACEA.2015.7164727}, 
month={March},}

@INPROCEEDINGS{Amaral, 
author={M. Amaral and J. Polo and D. Carrera and I. Mohomed and M. Unuvar and M. Steinder}, 
booktitle={2015 IEEE 14th International Symposium on Network Computing and Applications}, 
title={Performance Evaluation of Microservices Architectures Using Containers}, 
year={2015}, 
pages={27-34}, 
keywords={microprocessor chips;performance evaluation;software architecture;CPU;application development;benchmark analysis guidance;master-slave;microservices architecture;monolithic architecture;nested-container;network running benchmark;overall scalability;performance evaluation;system designer;Computer architecture;Containers;Linux;Master-slave;Servers;Virtual machining;Virtualization;Containers;Microservices;Networking;Performance Evaluation}, 
doi={10.1109/NCA.2015.49}, 
month={Sept},}

@ARTICLE{Linthicum, 
author={D. S. Linthicum}, 
journal={IEEE Cloud Computing}, 
title={Practical Use of Microservices in Moving Workloads to the Cloud}, 
year={2016}, 
volume={3}, 
number={5}, 
pages={6-9}, 
keywords={cloud computing;service-oriented architecture;cloud;enterprises;microservices;monolithic application;moving workloads;service oriented applications;Cloud computing;Complexity theory;Computer architecture;Computer security;Information management;Information storage;Service-oriented architecture;Cloud Tidbits;cloud computing;containers;microservices;service-oriented architecture}, 
doi={10.1109/MCC.2016.114}, 
ISSN={2325-6095}, 
month={Sept},}

@INPROCEEDINGS{Villamizar, 
author={M. Villamizar and O. Garc√©s and H. Castro and M. Verano and L. Salamanca and R. Casallas and S. Gil}, 
booktitle={2015 10th Computing Colombian Conference (10CCC)}, 
title={Evaluating the monolithic and the microservice architecture pattern to deploy web applications in the cloud}, 
year={2015}, 
pages={583-590}, 
keywords={cloud computing;software architecture;Internet companies;Play Web framework;Web applications;cloud computing;enterprise applications;microservice architecture pattern;monolithic architecture pattern;Cloud computing;Companies;Complexity theory;Computer architecture;Service-oriented architecture;IaaS;PaaS;SOA;cloud computing;continuous delivery;infrastructure as a services;microservice architecture;microservices;platform as a service;scalable applications;service oriented architectures;software architecture;software engineering}, 
doi={10.1109/ColumbianCC.2015.7333476}, 
month={Sept},}

@inproceedings{Knoche,
 author = {Knoche, Holger},
 title = {Sustaining Runtime Performance While Incrementally Modernizing Transactional Monolithic Software Towards Microservices},
 booktitle = {Proceedings of the 7th ACM/SPEC on International Conference on Performance Engineering},
 series = {ICPE '16},
 year = {2016},
 isbn = {978-1-4503-4080-9},
 location = {Delft, The Netherlands},
 pages = {121--124},
 numpages = {4},
 url = {http://doi.acm.org/10.1145/2851553.2892039},
 doi = {10.1145/2851553.2892039},
 acmid = {2892039},
 publisher = {ACM},
 address = {New York, NY, USA},
 keywords = {microservices, software modernization},
}

@INPROCEEDINGS{Xavier, 
author={M. G. Xavier and M. V. Neves and F. D. Rossi and T. C. Ferreto and T. Lange and C. A. F. De Rose}, 
booktitle={2013 21st Euromicro International Conference on Parallel, Distributed, and Network-Based Processing}, 
title={Performance Evaluation of Container-Based Virtualization for High Performance Computing Environments}, 
year={2013}, 
pages={233-240}, 
keywords={Linux;parallel processing;public domain software;software performance evaluation;virtualisation;HPC environments;LXC;Linux Containers;Linux VServer;OpenVZ;container-based virtualization;high-performance computing environments;hypervisor-based virtualization systems;performance evaluation;performance overhead;Benchmark testing;Containers;Kernel;Linux;Resource management;Throughput;Virtualization;Container-based virtualization;High performance computing;Linux containers}, 
doi={10.1109/PDP.2013.41}, 
ISSN={1066-6192}, 
month={Feb},}

@mastersthesis{Kalidindi,
   author = {Kalidindi, Rajeev varma},
   institution = {Blekinge Institute of Technology, Department of Communication Systems},
   pages = {54},
   school = {, Department of Communication Systems},
   title = {Monitoring and Analysis of Disk throughput and latency in servers running Cassandra database},
   keywords = {Cassandra, No-sql, Docker, Virtual machines, Virtualisation, CQL},
   year = {2016}
}

@mastersthesis{Vangeepuram,
   author = {Thiruvallur Vangeepuram, Reventh},
   institution = {Blekinge Institute of Technology, Department of Communication Systems},
   pages = {47},
   school = {, Department of Communication Systems},
   title = {Performance Comparison of Cassandra in LXC and Bare metal : Container Virtualization case study},
   year = {2016}
}

@misc{Datadog,
  title = {Datadog},
  howpublished = {\url{https://www.datadoghq.com/}},
  note = {Accessed: 2017-05-10}
}

@misc{Scala,
  title = "{The Scala Programming Language}",
  howpublished = {\url{https://www.scala-lang.org/}},
  note = {Accessed: 2017-05-19}
}

@misc{Cassandra,
  title = "{Apache Cassandra}",
  howpublished = {\url{http://cassandra.apache.org/}},
  note = {Accessed: 2017-05-19}
}


@misc{Technopedia,
  title = "{Technopedia - What is a Distributed Application?}",
  howpublished = {\url{https://www.techopedia.com/definition/23971/distributed-application}},
  note = {Accessed: 2017-04-12}
}

@misc{JMeter,
  title = "{Apache JMeter}",
  howpublished = {\url{http://jmeter.apache.org/}},
  note = {Accessed: 2017-05-1}
}

@MISC{Fowler,
   author =       "{M. Fowler, J. Lewis}",
   title =        {Microservices - a definition of this new architectural term},
   editor =       {martinfowler.com},
   month =        {March},
   year =         {2014},
   note = {\href{https://martinfowler.com/articles/microservices.html} {[Online; posted 25-March-2014]}},
 }
 
@article{SHA,
  title="{The Cryptographic Hash Algorithm Family: Revision of the Secure Hash Standard and Ongoing Competition for New Hash Algorithms}",
  editor={Shirley Radack},
  howpublished = {\url{http://csrc.nist.gov/publications/nistbul/March2009_cryptographic-hash-algorithm-family.pdf?q=the-cryptographic-hash-algorithm-family-revision-of-the}},
  year={2009}
}
 
@book{AES,
  title={Announcing the Advanced Encryption Standard (AES)},
  author={Information Technology Laboratory (National Institute of Standards and Technology)},
  series={Federal information processing standards publication},
  url={https://books.google.se/books?id=ZY-moAEACAAJ},
  year={2001}
}

@inproceedings{Bondi,
 author = {Bondi, Andr{\'e} B.},
 title = {Characteristics of Scalability and Their Impact on Performance},
 booktitle = {Proceedings of the 2Nd International Workshop on Software and Performance},
 series = {WOSP '00},
 year = {2000},
 isbn = {1-58113-195-X},
 location = {Ottawa, Ontario, Canada},
 pages = {195--203},
 numpages = {9},
 url = {http://doi.acm.org/10.1145/350391.350432},
 doi = {10.1145/350391.350432},
 acmid = {350432},
 publisher = {ACM},
 address = {New York, NY, USA},
 keywords = {load scalability, performance, structural and space scalability},
} 

@article{farrow-netflix,
  title={Netflix Heads into the Clouds},
  author={Farrow, Rik},
  year={February 2012}
}

@misc{uuid,
  title = "{UUID (Java Platform SE 8)}",
  howpublished = {\url{https://docs.oracle.com/javase/8/docs/api/java/util/UUID.html}},
  note = {Accessed: 2017-05-19}
}

@misc{SparkBug,
  title = "{[SPARK-13747] Concurrent execution in SQL doesn't work with Scala ForkJoinPool - ASF JIRA}",
  howpublished = {\url{https://issues.apache.org/jira/browse/SPARK-13747}},
  note = {Accessed: 2017-05-21}
}

@book{Juristo:2010:BSE:1965114,
 author = {Juristo, Natalia and Moreno, Ana M.},
 title = {Basics of Software Engineering Experimentation},
 year = {2010},
 isbn = {1441950117, 9781441950116},
 edition = {1st},
 publisher = {Springer Publishing Company, Incorporated},
} 
